<?xml version="1.0" encoding="UTF-8"?><record xmlns="http://www.loc.gov/MARC21/slim" xmlns:cinclude="http://apache.org/cocoon/include/1.0" xmlns:zs="http://www.loc.gov/zing/srw/">
  <leader>00406nz  a2200145n  4500</leader>
  <controlfield tag="001">no 98097120 </controlfield>
  <controlfield tag="003">DLC</controlfield>
  <controlfield tag="005">19980717052632.8</controlfield>
  <controlfield tag="008">980716n| acannaab|          |a aaa     c</controlfield>
  <datafield tag="010" ind1=" " ind2=" ">
    <subfield code="a">no 98097120 </subfield>
  </datafield>
  <datafield tag="035" ind1=" " ind2=" ">
    <subfield code="a">(OCoLC)oca04772527 </subfield>
  </datafield>
  <datafield tag="040" ind1=" " ind2=" ">
    <subfield code="a">OCl</subfield>
    <subfield code="c">OCl</subfield>
  </datafield>
  <datafield tag="100" ind1="1" ind2="0">
    <subfield code="a">Lowell, Elizabeth,</subfield>
    <subfield code="d">1944-</subfield>
    <subfield code="t">Desert rain.</subfield>
    <subfield code="l">Russian</subfield>
  </datafield>
  <datafield tag="400" ind1="1" ind2="0">
    <subfield code="a">Lowell, Elizabeth,</subfield>
    <subfield code="d">1944-</subfield>
    <subfield code="t">Dozhdสน v pustyne</subfield>
  </datafield>
  <datafield tag="670" ind1=" " ind2=" ">
    <subfield code="a">Dozhdสน v pustyne, 1997.</subfield>
  </datafield>
</record>